@misc{2017App2021,
    title = {{App Economy Forecast: Mobile App Store Revenue to Exceed {\$}139B in 2021}},
    year = {2017},
    booktitle = {App Annie},
    url = {https://www.appannie.com/en/insights/market-data/app-annie-forecast-2017-mobile-app-store-revenue-exceed-139-billion-2021/}
}

@misc{Gackle2017JSONToolsExtension,
    title = {{JSONTools Extension}},
    year = {2017},
    booktitle = {Thunkable Blocks},
    author = {Gackle, Luke},
    url = {https://thunkableblocks.blogspot.co.uk/2017/07/jsontools-extension.html}
}

@misc{2017MobileStatista,
    title = {{Mobile OS market share 2017 | Statista}},
    year = {2017},
    booktitle = {Gartner},
    url = {https://www.statista.com/statistics/266136/global-market-share-held-by-smartphone-operating-systems/}
}

@misc{2017UserStatistic,
    title = {{User base of leading digital wallets 2017 | Statistic}},
    year = {2017},
    booktitle = {Juniper Research},
    url = {https://www.statista.com/statistics/722213/user-base-of-leading-digital-wallets-nfc/}
}